%
%对书籍一般需要添加地名，例如address={北京}  %不是最后一项需添加 ,（英文输入）
%
\iffalse

文献类型	标识代码	Entry Type
普通图书	M	book
图书的析出文献	M	incollection
会议录	C	proceedings
会议录的析出文献	C	inproceedings 或 conference
汇编	G	collection*
报纸	N	newspaper*
期刊的析出文献	J	article
学位论文	D	mastersthesis 或 phdthesis
报告	R	techreport
标准	S	standard*
专利	P	patent*
数据库	DB	database*
计算机程序	CP	software*
电子公告	EB	online*
档案	A	archive*
舆图	CM	map*
数据集	DS	dataset*
其他	Z	misc

﻿		
著录项目（域）	Entry Field	
主要责任者	author	
题名	title	
文献类型标识	mark*	
载体类型标识	medium*	
翻译者	translator*	
编辑	editor	
组织（用于会议）	organization	
图书题名	booktitle	
系列	series	
期刊题名	journal	
版本	edition	
出版地	address	
出版者	publisher	
学校（用于phdthesis）	school	
机构（用于techreport）	institution	
出版年	year	
卷	volume	
期（或者专利号）	number	
引文页码	pages	
更新或修改日期	date*	
引用日期	urldate*	
获取和访问路径	url	
数字对象唯一标识符	doi	
语言	language*	
拼音（用于排序）	key	

注:
- 其中带星号的不是 BibTeX/natbib 的标准著录项目。
- 不支持的 BibTeX 标准著录项目有 annote, chapter, crossref, month,
type。

\fi
%
%
%

@article{Hod:2017ssh,
    author = "Hod, Shahar",
    title = "{No hair for spherically symmetric neutral black holes: Nonminimally coupled massive scalar fields}",
    eprint = "2002.05903",
    archivePrefix = "arXiv",
    primaryClass = "gr-qc",
    doi = "10.1103/PhysRevD.96.124037",
    journal = "Phys. Rev. D",
    volume = "96",
    number = "12",
    pages = "124037",
    year = "2017"
}

@book{lanczos1986variational,
  title={The Variational Principles of Mechanics},
  author={Lanczos, C.},
  isbn={9780486650678},
  lccn={lc85029168},
  series={Dover Books On Physics},
  url={https://books.google.com/books?id=ZWoYYr8wk2IC},
  year={1986},
  publisher={Dover Publications}
}

@book{2003张量分析,
  title={张量分析},
  author={黄克智},
  year={2003},
  publisher={清华大学出版社有限公司}
}

@article{叶普1993关于对瞬心的动量矩定理,
  title={关于对瞬心的动量矩定理},
  author={叶普},
  journal={广西大学学报（自然科学版）},
  volume={4},
  year={1993}
}

@article{爱因斯坦文集2009,
  title={爱因斯坦文集 (增补本)(第 2 卷)},
  author={范岱年 and 赵中立 and 许良英 and others},
  year={2009},
  publisher={商务印书馆}
}

@article{Litvinova:2017jnd,
    author = "Litvinova, Elena and Robin, Caroline and Schuck, Peter",
    editor = "Aharonov, Y. and Bravina, L. and Kabana, S.",
    title = "{Isospin dynamics in nuclear structure}",
    eprint = "1712.09781",
    archivePrefix = "arXiv",
    primaryClass = "nucl-th",
    reportNumber = "INT-PUB-19-020",
    doi = "10.1051/epjconf/201818202075",
    journal = "EPJ Web Conf.",
    volume = "182",
    pages = "02075",
    year = "2018"
}

@article{Biro:2017flp,
    author = "Bir\'o, Tam\'as S. and Czinner, Viktor G. and Iguchi, Hideo and V\'an, P\'eter",
    title = "{Black hole horizons can hide positive heat capacity}",
    eprint = "1712.09706",
    archivePrefix = "arXiv",
    primaryClass = "gr-qc",
    doi = "10.1016/j.physletb.2018.05.035",
    journal = "Phys. Lett. B",
    volume = "782",
    pages = "228--231",
    year = "2018"
}

@article{Weng:2017jyh,
    author = "Weng, Shan-Shan and Feng, Hua",
    title = "{Evidence for precession due to supercritical accretion in ultraluminous X-ray sources}",
    eprint = "1712.09536",
    archivePrefix = "arXiv",
    primaryClass = "astro-ph.HE",
    doi = "10.3847/1538-4357/aaa45c",
    journal = "Astrophys. J.",
    volume = "853",
    number = "2",
    pages = "115",
    year = "2018"
}
@article{Li:2017kdj,
    author = "Li, Liang and Wu, Xue-Feng and Lei, Wei-Hua and Dai, Zi-Gao and Liang, En-Wei and Ryde, Felix",
    title = "{Constraining the Type of Central Engine of GRBs with Swift Data}",
    eprint = "1712.09390",
    archivePrefix = "arXiv",
    primaryClass = "astro-ph.HE",
    doi = "10.3847/1538-4365/aabaf3",
    journal = "Astrophys. J. Suppl.",
    volume = "236",
    number = "2",
    pages = "26",
    year = "2018"
}
