%
%攻读学位期间科研成果相关，单独一个文件，与论文主体中引用参考文献作区分
%

@article{Zhang:2017eah,
    author = "Zhang, Hui and Yu, Wen-Fei",
    title = "{Effect of non-stationary accretion on spectral state transitions: An example of a persistent neutron star LMXB 4U1636\textendash{}536}",
    eprint = "1801.00244",
    archivePrefix = "arXiv",
    primaryClass = "astro-ph.HE",
    doi = "10.1088/1674-4527/18/3/33",
    journal = "Res. Astron. Astrophys.",
    volume = "18",
    number = "3",
    pages = "033",
    year = "2018"
}

@article{Wang:2017ukk,
    author = "Wang, Yu-Ping",
    title = "{A Model of the Collapse and Evaporation of Charged Black Holes}",
    eprint = "1801.00133",
    archivePrefix = "arXiv",
    primaryClass = "gr-qc",
    doi = "10.1088/1361-6382/aae256",
    journal = "Class. Quant. Grav.",
    volume = "35",
    number = "21",
    pages = "215007",
    year = "2018"
}

@article{Jusufi:2017drg,
    author = "Jusufi, Kimet and Sarkar, Nayan and Rahaman, Farook and Banerjee, Ayan and Hansraj, Sudan",
    title = "{Deflection of light by black holes and massless wormholes in massive gravity}",
    eprint = "1712.10175",
    archivePrefix = "arXiv",
    primaryClass = "gr-qc",
    doi = "10.1140/epjc/s10052-018-5823-z",
    journal = "Eur. Phys. J. C",
    volume = "78",
    number = "4",
    pages = "349",
    year = "2018"
}
